<record xmlns="http://www.loc.gov/MARC21/slim" xmlns:xsi="http://www.w3.org/2001/XMLSchema-instance" xsi:schemaLocation="http://www.loc.gov/MARC21/slim http://www.loc.gov/standards/marcxml/schema/MARC21slim.xsd"><leader>     nam a22        4500</leader><controlfield tag="001">212229</controlfield><controlfield tag="003">NNC</controlfield><controlfield tag="006">m        d        </controlfield><controlfield tag="007">cr cn |||m|||a</controlfield><controlfield tag="008">150316q19001983le      ob    000 0baraod</controlfield><datafield ind1=" " ind2=" " tag="040"><subfield code="a">NNU</subfield><subfield code="b">eng</subfield><subfield code="e">rda</subfield><subfield code="c">NNU</subfield></datafield><datafield ind1=" " ind2="4" tag="050"><subfield code="a">PJ7840.J39Z5</subfield><subfield code="b">J45</subfield></datafield><datafield ind1="1" ind2=" " tag="100"><subfield code="6">880-01</subfield><subfield code="a">Jabu&#772;ri&#772;, &#699;Abd Alla&#772;h.</subfield></datafield><datafield ind1="1" ind2="3" tag="245"><subfield code="6">880-02</subfield><subfield code="a">al-Jawa&#772;hiri&#772; wa-naqd jawharatihi :</subfield><subfield code="b">naz&#803;ara&#772;t fi&#772; shi&#699;rih wa-h&#803;aya&#772;tih, dira&#772;sah wa-nus&#803;u&#772;s&#803; /</subfield><subfield code="c">&#699;Abd Alla&#772;h al-Jabbu&#772;ri&#772;.</subfield></datafield><datafield ind1=" " ind2=" " tag="260"><subfield code="6">880-03</subfield><subfield code="a">Bayru&#772;t :</subfield><subfield code="b">&#699;A&#772;lam al-Kutub,</subfield><subfield code="c">[19--]</subfield></datafield><datafield ind1=" " ind2=" " tag="300"><subfield code="a">online resource (213 pages)</subfield></datafield><datafield ind1=" " ind2=" " tag="336"><subfield code="a">text</subfield><subfield code="2">rdacontent</subfield></datafield><datafield ind1=" " ind2=" " tag="337"><subfield code="a">computer</subfield><subfield code="2">rdamedia</subfield></datafield><datafield ind1=" " ind2=" " tag="338"><subfield code="a">online resource</subfield><subfield code="2">rdacarrier</subfield></datafield><datafield ind1=" " ind2=" " tag="500"><subfield code="a">In Arabic.</subfield></datafield><datafield ind1=" " ind2=" " tag="500"><subfield code="a">Part of the Arabic Collections Online (ACO) project, contributed by Columbia University Libraries.</subfield></datafield><datafield ind1=" " ind2=" " tag="504"><subfield code="a">Includes bibliographical references.</subfield></datafield><datafield ind1=" " ind2=" " tag="533"><subfield code="a">Electronic reproduction.</subfield><subfield code="b">New York, N.Y. :</subfield><subfield code="c">New York University,</subfield><subfield code="d">2015.</subfield><subfield code="5">NNU</subfield></datafield><datafield ind1="1" ind2="0" tag="600"><subfield code="6">880-04</subfield><subfield code="a">Jawa&#772;hiri&#772;, Muh&#803;ammad Mahdi&#772;,</subfield><subfield code="d">1899?-1997</subfield><subfield code="x">Criticism and interpretation.</subfield></datafield><datafield ind1="1" ind2="7" tag="600"><subfield code="a">Jawa&#772;hiri&#772;, Muh&#803;ammad Mahdi&#772;,</subfield><subfield code="d">1899?-1997</subfield><subfield code="2">fast</subfield><subfield code="0">(OCoLC)fst01898308</subfield></datafield><datafield ind1=" " ind2="7" tag="655"><subfield code="a">Criticism, interpretation, etc.</subfield><subfield code="2">fast</subfield><subfield code="0">(OCoLC)fst01411635</subfield></datafield><datafield ind1="2" ind2=" " tag="710"><subfield code="a">Columbia University.</subfield><subfield code="b">Libraries.</subfield></datafield><datafield ind1="0" ind2=" " tag="730"><subfield code="a">Arabic Collections Online.</subfield></datafield><datafield ind1="0" ind2="8" tag="776"><subfield code="i">Online version:</subfield><subfield code="a">Jabu&#772;ri&#772;, &#699;Abd Allah.</subfield><subfield code="t">Jawa&#772;hiri&#772; wa-naqd jawharatihi.</subfield><subfield code="d">Bayru&#772;t : &#699;A&#772;lam al-Kutub, [19--]</subfield><subfield code="w">(OCoLC)561693416</subfield></datafield><datafield ind1="0" ind2="8" tag="776"><subfield code="i">Print version:</subfield><subfield code="a">Jabu&#772;ri&#772;, &#699;Abd Alla&#772;h.</subfield><subfield code="t">al-Jawa&#772;hiri&#772; wa-naqd jawharatihi</subfield><subfield code="w">(NNC)212229</subfield><subfield code="w">(OCoLC)19594486</subfield></datafield><datafield ind1="4" ind2="0" tag="856"><subfield code="u">http://hdl.handle.net/2333.1/t76hdtmc</subfield></datafield><datafield ind1="1" ind2=" " tag="880"><subfield code="6">100-01/r</subfield><subfield code="a">&#1580;&#1576;&#1608;&#1585;&#1610;&#1548; &#1593;&#1576;&#1583; &#1575;&#1604;&#1604;&#1607;.</subfield></datafield><datafield ind1="1" ind2="2" tag="880"><subfield code="6">245-02/r</subfield><subfield code="a">&#1575;&#1604;&#1580;&#1608;&#1575;&#1607;&#1585;&#1610; &#1608;&#1606;&#1602;&#1583; &#1580;&#1608;&#1607;&#1585;&#1578;&#1607; :</subfield><subfield code="b">&#1606;&#1592;&#1585;&#1575;&#1578; &#1601;&#1610; &#1588;&#1593;&#1585;&#1607; &#1608;&#1581;&#1610;&#1575;&#1578;&#1607;&#1548; &#1583;&#1585;&#1575;&#1587;&#1577; &#1608;&#1606;&#1589;&#1608;&#1589; /</subfield><subfield code="c">&#1593;&#1576;&#1583; &#1575;&#1604;&#1604;&#1607; &#1575;&#1604;&#1580;&#1576;&#1608;&#1585;&#1610;.</subfield></datafield><datafield ind1=" " ind2=" " tag="880"><subfield code="6">260-03/r</subfield><subfield code="a">&#1576;&#1610;&#1585;&#1608;&#1578; :</subfield><subfield code="b">&#1593;&#1575;&#1604;&#1605; &#1575;&#1604;&#1603;&#1578;&#1576;&#1548;</subfield><subfield code="c">[19--]</subfield></datafield><datafield ind1="1" ind2="4" tag="880"><subfield code="6">600-04/r</subfield><subfield code="a">&#1580;&#1608;&#1575;&#1607;&#1585;&#1610;&#1548; &#1605;&#1581;&#1605;&#1583; &#1605;&#1607;&#1583;&#1610;.</subfield></datafield><datafield ind1=" " ind2=" " tag="959"><subfield code="a">NNU</subfield><subfield code="b">WEB</subfield><subfield code="c">GENI</subfield><subfield code="t">0</subfield><subfield code="m">Electronic access</subfield><subfield code="s">01</subfield></datafield><datafield ind1=" " ind2=" " tag="999"><subfield code="i">NNC_212229</subfield><subfield code="o">(OCoLC)ocm19594486</subfield><subfield code="e">(ERROR-880)</subfield><subfield code="s">columbia_aco000236</subfield></datafield></record>